@article{lim,
  title={Schilling, R. Measures, integrals and martingales (Cambridge University Press, 2005), xi+ 352 pp., 0 521 61525 9 (paperback),{\pounds} 24.99, 0 521 85015 0 (hardback),{\pounds} 50},
  author={Blower, G},
  journal={Proceedings of the Edinburgh Mathematical Society},
  volume={49},
  number={3},
  pages={761--762},
  year={2006},
  publisher={Cambridge University Press}
}

@book{an1,
  author={Matthias Christandl, Søren Eilers, Henrik Schlichtkrull},
  publisher      = {Københavns Universitet},
  edition        = {5},
  title          = {Analyse 1},
  year           = {2023}
}